@BOOK{history:1,
AUTHOR="D. A. Turner",
TITLE="Some History of Functional Programming Languages",
PUBLISHER="University of Kent and Middlesex University",
YEAR="2012"
}

@BOOK{socio:2,
AUTHOR="Leo A. Meyerovich, Ariel Rabkin",
TITLE = "Socio-PLT: Principles for Programming Language Adoption",
PUBLISHER="",
YEAR="2012"
}

@BOOK{history:2,
AUTHOR="Paul Hudak",
TITLE="The Conception, Evolution, and Application of Functional Programming Languages",
PUBLISHER = "Yale University Department of Computer Science",
YEAR = "1989"}

@BOOK{matters:1,
AUTHOR="John Hughes",
TITLE="Why Functional Programming Matters",
PUBLISHER = "Institutionen for Datavetenskap",
YEAR = 1984}

@BOOK{redmonk:1,
AUTHOR="Stephen O'Grady",
TITLE="The RedMonk Programming Language Rankings: June 2015",
PUBLISHER="RedMonk",
URL = "http://redmonk.com/sogrady/2015/07/01/language-rankings-6-15/",
YEAR = 2015}

@manual{scalastat:1,
AUTHOR="Heather Miller and Martin Odersky",
TITLE="Functional Programming Principles in Scala: Impressions and Statistics",
URL = "http://docs.scala-lang.org/news/functional-programming-principles-in-scala-impressions-and-statistics.html",
YEAR = "2012 (accessed July 10, 2015)"}

@article{DBLP:journals/cj/Hughes89,
  author    = {John Hughes},
  title     = {Why Functional Programming Matters},
  journal   = {Comput. J.},
  volume    = {32},
  number    = {2},
  pages     = {98--107},
  year      = {1989},
  url       = {http://dx.doi.org/10.1093/comjnl/32.2.98},
  doi       = {10.1093/comjnl/32.2.98},
  timestamp = {Tue, 28 Jun 2011 15:15:49 +0200},
  biburl    = {http://dblp.uni-trier.de/rec/bib/journals/cj/Hughes89},
  bibsource = {dblp computer science bibliography, http://dblp.org}
}

@article{DBLP:journals/infsof/BergB95,
  author    = {Klaas van den Berg and
               P. M. van den Broek},
  title     = {Static analysis of functional programs},
  journal   = {Information {\&} Software Technology},
  volume    = {37},
  number    = {4},
  pages     = {213--224},
  year      = {1995},
  url       = {http://dx.doi.org/10.1016/0950-5849(95)90813-A},
  doi       = {10.1016/0950-5849(95)90813-A},
  timestamp = {Thu, 30 May 2013 12:18:12 +0200},
  biburl    = {http://dblp.uni-trier.de/rec/bib/journals/infsof/BergB95},
  bibsource = {dblp computer science bibliography, http://dblp.org}
}

@inproceedings{DBLP:conf/icfp/ElliottH97,
  author    = {Conal Elliott and
               Paul Hudak},
  title     = {Functional Reactive Animation},
  booktitle = {Proceedings of the 1997 {ACM} {SIGPLAN} International Conference on
               Functional Programming {(ICFP} '97), Amsterdam, The Netherlands, June
               9-11, 1997.},
  pages     = {263--273},
  year      = {1997},
  url       = {http://doi.acm.org/10.1145/258948.258973},
  doi       = {10.1145/258948.258973},
  timestamp = {Tue, 11 Jun 2013 13:53:37 +0200},
  biburl    = {http://dblp.uni-trier.de/rec/bib/conf/icfp/ElliottH97},
  bibsource = {dblp computer science bibliography, http://dblp.org}
}
